@book{huffman2010fundamentals,
  title = {Fundamentals of Error-Correcting Codes},
  author = {Huffman, William C. and Pless, Vera},
  isbn = {9780521131704},
  url = {http://www.cambridge.org/us/academic/subjects/engineering/communications-and-signal-processing/fundamentals-error-correcting-codes?format=PB},
  urldate = {2016-06-02},
  year = {2010},
  publisher = {Cambridge University Press}
}

@book{morelos2006art,
  title = {The Art of Error Correcting Coding},
  author = {Morelos-Zaragoza, Robert H.},
  isbn = {9780470035696},
  url = {http://www.the-art-of-ecc.com/},
  urldate = {2016-06-02},
  year = {2006},
  publisher = {John Wiley \& Sons}
}

@book{wickham2015r,
  title = {R Packages},
  author = {Wickham, Hadley},
  isbn = {9781491910597},
  url = {http://r-pkgs.had.co.nz/},
  urldate = {2016-06-02},
  year = {2015},
  publisher = {O'Reilly Media}
}

@book{wickham2015advanced,
  title = {Advanced R},
  author = {Wickham, Hadley},
  isbn = {9781498759809},
  url = {http://adv-r.had.co.nz/},
  urldate = {2016-06-02},
  year = {2015},
  publisher = {CRC Press}
}

@book{schoenfeld2012informations,
  title = {Informations- und Kodierungstheorie},
  author = {Sch{\"o}nfeld, Dagmar and Klimant, Herbert and Piotraschke, Rudi},
  isbn = {9783834882189},
  url = {http://www.springer.com/us/book/9783834806475},
  urldate = {2016-06-02},
  year = {2012},
  publisher = {Vieweg+Teubner Verlag}
}

@Book{ggplot2,
  title = {ggplot2: Elegant Graphics for Data Analysis},
  author = {Wickham, Hadley},
  isbn = {9780387981406},
  url = {http://ggplot2.org},
  urldate = {2016-06-02},
  year = {2010},
  publisher = {Springer-Verlag New York}
}

@article{berrou1996near,
  title = {A Near Optimum Error Correcting Coding and Decoding: Turbo-codes},
  author = {Berrou, Claude and Glavieux, Alain},
  journal = {Communications, IEEE Transactions on},
  volume = {44},
  number = {10},
  pages = {1261--1271},
  year = {1996},
  publisher = {IEEE}
}

@article{chambers2014object,
  title = {Object-oriented programming, functional programming and R},
  author = {Chambers, John M. and others},
  journal = {Statistical Science},
  volume = {29},
  number = {2},
  pages = {167--180},
  year = {2014},
  publisher = {Institute of Mathematical Statistics}
}

@Manual{rmanual,
  title = {R: A Language and Environment for Statistical Computing},
  author = {{R Core Team}},
  url = {https://www.R-project.org},
  urldate = {2016-06-02},
  year = {2016}
}

@Manual{rmarkdown,
  title = {rmarkdown: Dynamic Documents for R},
  author = {Allaire, Joseph. J. and Cheng, Joe and Xie, Yihui and McPherson, Jonathan and Chang, Winston and Allen, Jeff and Wickham, Hadley and Atkins, Aron  and Hyndman, Rob},
  url = {http://rmarkdown.rstudio.com/},
  urldate = {2016-06-02},
  year = {2016}
}

@Manual{devtools,
  title = {devtools: Tools to Make Developing R Packages Easier},
  author = {Wickham, Hadley and Chang, Winston},
  url = {https://CRAN.R-project.org/package=devtools},
  urldate = {2016-06-02},
  year = {2016}
}
  
@Manual{roxygen,
  title = {roxygen2: In-Source Documentation for R},
  author = {Wickham, Hadley and Danenberg, Peter and Eugster, Manuel},
  url = {https://CRAN.R-project.org/package=roxygen2},
  urldate = {2016-06-02},
  year = {2015}
}

@online{AWGN,
  title = {How to generate AWGN noise in Matlab/Octave(without using
			in-built awgn function)
			},
  author = {Viswanathan, Mathuranathan},
  url = {http://www.gaussianwaves.com/gaussianwaves/wp-content/uploads/2015/06/How_to_generate_AWGN_noise.pdf?02772a},
  urldate = {2016-06-02},
  year = {2015}
}

@online{SOVA,
  title = {Turbo code > example for MAP and SOVA decoding algorithm},
  author = {Dusan, Orlovic},
  url = {https://sites.google.com/site/duleorlovic/solutions/turbo-code-example-for-map-and-sova-decoding-algorithm},
  urldate = {2016-06-02},
  year = {2009}
}

@MastersThesis{nocker,
  author = {Nocker, Martin},
  title = {R-Paket f체r Kanalkodierung mit Faltungskodes},
  school = {Universit채t Innsbruck},
  year = {2016},
  type = {Bachelorarbeit}
}

@MastersThesis{wimmer,
  author = {Wimmer, Benedikt},
  title = {R-Paket f체r Kanalkodierung mit Blockkodes},
  school = {Universit채t Innsbruck},
  year = {2016},
  type = {Bachelorarbeit}
}



    



