@book{huffman2010fundamentals,
  title={Fundamentals of Error-Correcting Codes},
  author={Huffman, W. C. and Pless, V.},
  year={2010},
  publisher={Cambridge University Press},
  isbn = {9780521131704},
  url = {http://www.cambridge.org/us/academic/subjects/engineering/communications-and-signal-processing/fundamentals-error-correcting-codes?format=PB},
  urldate = {2016-06-01}
}

@book{morelos2006art,
  title={The Art of Error Correcting Coding},
  author={Morelos-Zaragoza, R. H.},
  year={2006},
  publisher={John Wiley \& Sons},
  isbn = {9780470035696},
  url = {http://www.the-art-of-ecc.com/},
  urldate = {2016-06-01}
}

@book{wickham2015r,
  title={R Packages},
  author={Wickham, H.},
  year={2015},
  publisher={O'Reilly Media},
  isbn = {9781491910597},
  url = {http://r-pkgs.had.co.nz/},
  urldate = {2016-06-01}
}

@book{wickham2015advanced,
  title={Advanced R},
  author={Wickham, H.},
  year={2015},
  publisher={CRC Press},
  isbn={9781498759809},
  url={http://adv-r.had.co.nz/},
  urldate = {2016-06-01}
}

@book{schonfeld2012informations,
  title={Informations- und Kodierungstheorie},
  author={Sch{\"o}nfeld, D. and Klimant, H. and Piotraschke, R.},
  year={2012},
  publisher={Vieweg+Teubner Verlag},
  isbn={9783834882189},
  url={http://www.springer.com/us/book/9783834806475},
  urldate={2016-06-01}
}

@Manual{rmarkdown,
    title = {rmarkdown: Dynamic Documents for R},
    author = {Allaire, J.J. and Cheng, J. and Xie, Y. and McPherson, J. and Chang, W. and Allen, J. and Wickham, H. and Atkins, A. and Hyndman, R.},
    year = {2016},
    url = {http://rmarkdown.rstudio.com/},
    urldate = {2016-06-01}
}

@Manual{devtools,
  title = {devtools: Tools to Make Developing R Packages Easier},
  author = {Wickham, H. and Chang, W.},
  year = {2016},
  url = {https://CRAN.R-project.org/package=devtools},
  urldate = {2016-06-01}
}
  
@Manual{roxygen,
  title = {roxygen2: In-Source Documentation for R},
  author = {Wickham, H. and Danenberg, P. and Eugster, M.},
  year = {2015},
  url = {https://CRAN.R-project.org/package=roxygen2},
  urldate = {2016-06-01}
}

@Book{ggplot2,
  title = {ggplot2: Elegant Graphics for Data Analysis},
  author = {Hadley, W.},
  year = {2010},
  publisher = {Springer-Verlag New York},
  isbn = {9780387981406},
  url = {http://ggplot2.org},
  urldate = {2016-06-01}
}

@online{AWGN,
  title = {How to generate AWGN noise in Matlab/Octave(without using in-built awgn function)},
  author = {Viswanathan, M.},
  year = {2015},
  url = {http://www.gaussianwaves.com/gaussianwaves/wp-content/uploads/2015/06/				How_to_generate_AWGN_noise.pdf?02772a},
  urldate = {2016-06-01}
}

@online{SOVA,
	title = {Turbo code example for MAP and SOVA decoding algorithm},
	author = {Orlovic, D.},
	year = {2009},
	url = {https://sites.google.com/site/duleorlovic/solutions/turbo-code-example-for-map-and-sova-decoding-algorithm},
	urldate = {2016-06-01}
}

@MastersThesis{witsch,
  author = {Witsch, D.},
  title = {R-Paket f체r Kanalkodierung mit Turbo-Kodes},
  school = {Universit채t Innsbruck},
  year = {2016},
  type = {Bachelorarbeit}
}

@MastersThesis{wimmer,
  author = {Wimmer, B.},
  title = {R-Paket f체r Kanalkodierung mit Blockkodes},
  school = {Universit채t Innsbruck},
  year = {2016},
  type = {Bachelorarbeit}
}