@book{huffman2010fundamentals,
  title={Fundamentals of error-correcting codes},
  author={Huffman, Cary W.  and Pless, Vera},
  year={2010},
  publisher={Cambridge university press}
}
@book{morelos2006art,
  title={The art of error correcting coding},
  author={Morelos-Zaragoza, Robert H.},
  year={2006},
  publisher={John Wiley \& Sons}
  }

@book{bose2008infotheory,
author = {Bose, Ranjan},
title = {Information Theory, Coding and Cryptography},
year = {2008},
publisher={Tata McGraw-Hill Education}
}

@online{eccpage,
author = {Morelos-Zaragoza, Robert H.},
title = {The ECC Page},
url = {www.eccpage.com},
urldate = {2016-05-27}
}

@manual{Rextension,
author = {R Core Team},
title = {Writing R Extensions},
year = {2015},
url = {https://cran.r-project.org/doc/manuals/r-release/R-exts.pdf},
urldate = {2016-05-29}
}

@Manual{devtools,
    title = {devtools: Tools to Make Developing R Packages Easier},
    author = {Hadley Wickham and Winston Chang},
    year = {2016},
    note = {R package version 1.11.0},
    url = {https://CRAN.R-project.org/package=devtools},
    urldate = {2016-05-29}
  }
  
@Manual{roxygen,
    title = {roxygen2: In-Source Documentation for R},
    author = {Hadley Wickham and Peter Danenberg and Manuel Eugster},
    year = {2015},
    note = {R package version 5.0.1},
    url = {https://CRAN.R-project.org/package=roxygen2},
     urldate = {2016-05-29}
  }
  
 
 @Manual{rmanual,
   title        = {R: A Language and Environment for Statistical Computing},
   author       = {{R Core Team}},
   organization = {R Foundation for Statistical Computing},
   address      = {Vienna, Austria},
   year         = {2016},
   url          = {https://www.R-project.org},
    urldate = {2016-05-29}
 }
 @book{wickham2015r,
   title={R Packages},
   author={Hadley Wickham},
   year={2015},
   publisher={O'Reilly Media}
 }
 
 @book{wickham2015advanced,
   title={Advanced R},
   author={Hadley Wickham},
   year={2015},
   publisher={CRC Press}
 }
 
 @Manual{rmarkdown,
     title = {rmarkdown: Dynamic Documents for R},
     author = {JJ Allaire and Joe Cheng and Yihui Xie and Jonathan McPherson and Winston Chang and Jeff Allen and Hadley Wickham and Aron Atkins and Rob Hyndman},
     year = {2016},
     note = {R package version 0.9.5},
     url = {http://rmarkdown.rstudio.com/},
      urldate = {2016-05-29}
 }
 
 @MastersThesis{nocker,
   author = {Nocker, Martin},
   title = {R-Paket f체r Kanalkodierung mit Faltungskodes},
   school = {Universit채t Innsbruck},
   year = {2016},
   type = {Bachelorarbeit}
 }
 
  @MastersThesis{witsch,
    author = {Witsch, Daniel},
    title = {R-Paket f체r Kanalkodierung mit Turbo-Kodes},
    school = {Universit채t Innsbruck},
    year = {2016},
    type = {Bachelorarbeit}
  }